@article{nosengo2016new,
  title={New tricks for old drugs: faced with skyrocketing costs for developing new drugs, researchers are looking at ways to repurpose older ones--and even some that failed in initial trials},
  author={Nosengo, Nicola},
  journal={Nature},
  volume={534},
  number={7607},
  pages={314--317},
  year={2016},
  publisher={Nature Publishing Group}
}

@article{min2017deep,
  title={Deep learning in bioinformatics},
  author={Min, Seonwoo and Lee, Byunghan and Yoon, Sungroh},
  journal={Briefings in bioinformatics},
  volume={18},
  number={5},
  pages={851--869},
  year={2017},
  publisher={Oxford University Press}
}

@article{almagro2017deeploc,
  title={DeepLoc: prediction of protein subcellular localization using deep learning},
  author={Almagro Armenteros, Jos{\'e} Juan and S{\o}nderby, Casper Kaae and S{\o}nderby, S{\o}ren Kaae and Nielsen, Henrik and Winther, Ole},
  journal={Bioinformatics},
  volume={33},
  number={21},
  pages={3387--3395},
  year={2017},
  publisher={Oxford University Press}
}

@article{dong2015bean,
  title={BEAN 2.0: an integrated web resource for the identification and functional analysis of type III secreted effectors},
  author={Dong, Xiaobao and Lu, Xiaotian and Zhang, Ziding},
  journal={Database},
  volume={2015},
  year={2015},
  publisher={Oxford Academic}
}

@article{cheng2018ploc,
  title={pLoc-mEuk: Predict subcellular localization of multi-label eukaryotic proteins by extracting the key GO information into general PseAAC},
  author={Cheng, Xiang and Xiao, Xuan and Chou, Kuo-Chen},
  journal={Genomics},
  volume={110},
  number={1},
  pages={50--58},
  year={2018},
  publisher={Elsevier}
}

@article{nair2005mimicking,
  title={Mimicking cellular sorting improves prediction of subcellular localization},
  author={Nair, Rajesh and Rost, Burkhard},
  journal={Journal of molecular biology},
  volume={348},
  number={1},
  pages={85--100},
  year={2005},
  publisher={Elsevier}
}

@article{liu2010high,
  title={A high-accuracy protein structural class prediction algorithm using predicted secondary structural information},
  author={Liu, Tian and Jia, Cangzhi},
  journal={Journal of theoretical biology},
  volume={267},
  number={3},
  pages={272--275},
  year={2010},
  publisher={Elsevier}
}

@article{yang2009prediction,
  title={Prediction of protein structural classes by recurrence quantification analysis based on chaos game representation},
  author={Yang, Jian-Yi and Peng, Zhen-Ling and Yu, Zu-Guo and Zhang, Rui-Jie and Anh, Vo and Wang, Desheng},
  journal={Journal of Theoretical Biology},
  volume={257},
  number={4},
  pages={618--626},
  year={2009},
  publisher={Elsevier}
}

@incollection{qi2005random,
  title={Random forest similarity for protein-protein interaction prediction from multiple sources},
  author={Qi, Yanjun and Klein-Seetharaman, Judith and Bar-Joseph, Ziv},
  booktitle={Biocomputing 2005},
  pages={531--542},
  year={2005},
  publisher={World Scientific}
}

@article{qi2006evaluation,
  title={Evaluation of different biological data and computational classification methods for use in protein interaction prediction},
  author={Qi, Yanjun and Bar-Joseph, Ziv and Klein-Seetharaman, Judith},
  journal={Proteins: Structure, Function, and Bioinformatics},
  volume={63},
  number={3},
  pages={490--500},
  year={2006},
  publisher={Wiley Online Library}
}

@inproceedings{mikolov2013distributed,
  title={Distributed representations of words and phrases and their compositionality},
  author={Mikolov, Tomas and Sutskever, Ilya and Chen, Kai and Corrado, Greg S and Dean, Jeff},
  booktitle={Advances in neural information processing systems},
  pages={3111--3119},
  year={2013}
}

@inproceedings{pennington2014glove,
  title={Glove: Global vectors for word representation},
  author={Pennington, Jeffrey and Socher, Richard and Manning, Christopher D},
  booktitle={Proceedings of the 2014 conference on empirical methods in natural language processing (EMNLP)},
  pages={1532--1543},
  year={2014}
}

@article{asgari2015continuous,
  title={Continuous distributed representation of biological sequences for deep proteomics and genomics},
  author={Asgari, Ehsaneddin and Mofrad, Mohammad RK},
  journal={PloS one},
  volume={10},
  number={11},
  pages={e0141287},
  year={2015},
  publisher={Public Library of Science San Francisco, CA USA}
}

@article{heinzinger2019modeling,
  title={Modeling aspects of the language of life through transfer-learning protein sequences},
  author={Heinzinger, Michael and Elnaggar, Ahmed and Wang, Yu and Dallago, Christian and Nechaev, Dmitrii and Matthes, Florian and Rost, Burkhard},
  journal={BMC bioinformatics},
  volume={20},
  number={1},
  pages={1--17},
  year={2019},
  publisher={Springer}
}

@article{hamid2019identifying,
  title={Identifying antimicrobial peptides using word embedding with deep recurrent neural networks},
  author={Hamid, Md-Nafiz and Friedberg, Iddo},
  journal={Bioinformatics},
  volume={35},
  number={12},
  pages={2009--2016},
  year={2019},
  publisher={Oxford University Press}
}

@article{peters1802deep,
  title={Deep contextualized word representations. arXiv 2018},
  author={Peters, ME and Neumann, M and Iyyer, M and Gardner, M and Clark, C and Lee, K and Zettlemoyer, L},
  journal={arXiv preprint arXiv:1802.05365},
  volume={12},
  year={1802}
}

@article{devlin2018bert,
  title={Bert: Pre-training of deep bidirectional transformers for language understanding},
  author={Devlin, Jacob and Chang, Ming-Wei and Lee, Kenton and Toutanova, Kristina},
  journal={arXiv preprint arXiv:1810.04805},
  year={2018}
}

@article{filipavicius2020pre,
  title={Pre-training Protein Language Models with Label-Agnostic Binding Pairs Enhances Performance in Downstream Tasks},
  author={Filipavicius, Modestas and Manica, Matteo and Cadow, Joris and Martinez, Maria Rodriguez},
  journal={arXiv preprint arXiv:2012.03084},
  year={2020}
}

@article{min2021pre,
  title={Pre-training of deep bidirectional protein sequence representations with structural information},
  author={Min, Seonwoo and Park, Seunghyun and Kim, Siwon and Choi, Hyun-Soo and Lee, Byunghan and Yoon, Sungroh},
  journal={IEEE Access},
  volume={9},
  pages={123912--123926},
  year={2021},
  publisher={IEEE}
}

@article{Mullard2014New,
  title={New drugs cost US\$2.6 billion to develop},
  author={Mullard and Asher},
  journal={Nature Reviews Drug Discovery},
  volume={13},
  number={12},
  pages={877},
  year={2014},
}

@article{ashburn2004drug,
  title={Drug repositioning: identifying and developing new uses for existing drugs},
  author={Ashburn, Ted T and Thor, Karl B},
  journal={Nature reviews Drug discovery},
  volume={3},
  number={8},
  pages={673--683},
  year={2004},
  publisher={Nature Publishing Group}
}

@article{roses2008pharmacogenetics,
  title={Pharmacogenetics in drug discovery and development: a translational perspective},
  author={Roses, Allen D},
  journal={Nature reviews Drug discovery},
  volume={7},
  number={10},
  pages={807--817},
  year={2008},
  publisher={Nature Publishing Group}
}

@article{strittmatter2014overcoming,
  title={Overcoming drug development bottlenecks with repurposing: old drugs learn new tricks},
  author={Strittmatter, Stephen M},
  journal={Nature medicine},
  volume={20},
  number={6},
  pages={590--591},
  year={2014},
  publisher={Nature Publishing Group}
}

@article{cohen2002protein,
  title={Protein kinases—the major drug targets of the twenty-first century?},
  author={Cohen, Philip},
  journal={Nature reviews Drug discovery},
  volume={1},
  number={4},
  pages={309--315},
  year={2002},
  publisher={Nature Publishing Group}
}

@article{noble2004protein,
  title={Protein kinase inhibitors: insights into drug design from structure},
  author={Noble, Martin EM and Endicott, Jane A and Johnson, Louise N},
  journal={Science},
  volume={303},
  number={5665},
  pages={1800--1805},
  year={2004},
  publisher={American Association for the Advancement of Science}
}

@article{deshpande2005frequent,
  title={Frequent substructure-based approaches for classifying chemical compounds},
  author={Deshpande, Mukund and Kuramochi, Michihiro and Wale, Nikil and Karypis, George},
  journal={IEEE Transactions on Knowledge and Data Engineering},
  volume={17},
  number={8},
  pages={1036--1050},
  year={2005},
  publisher={IEEE}
}

@article{manning2002protein,
  title={The protein kinase complement of the human genome},
  author={Manning, Gerard and Whyte, David B and Martinez, Ricardo and Hunter, Tony and Sudarsanam, Sucha},
  journal={Science},
  volume={298},
  number={5600},
  pages={1912--1934},
  year={2002},
  publisher={American Association for the Advancement of Science}
}

@article{stachel2014maximizing,
  title={Maximizing diversity from a kinase screen: identification of novel and selective pan-Trk inhibitors for chronic pain},
  author={Stachel, Shawn J and Sanders, John M and Henze, Darrell A and Rudd, Mike T and Su, Hua-Poo and Li, Yiwei and Nanda, Kausik K and Egbertson, Melissa S and Manley, Peter J and Jones, Kristen LG and others},
  journal={Journal of Medicinal Chemistry},
  volume={57},
  number={13},
  pages={5800--5816},
  year={2014},
  publisher={ACS Publications}
}

@article{gaulton2012chembl,
  title={ChEMBL: a large-scale bioactivity database for drug discovery},
  author={Gaulton, Anna and Bellis, Louisa J and Bento, A Patricia and Chambers, Jon and Davies, Mark and Hersey, Anne and Light, Yvonne and McGlinchey, Shaun and Michalovich, David and Al-Lazikani, Bissan and others},
  journal={Nucleic acids research},
  volume={40},
  number={D1},
  pages={D1100--D1107},
  year={2012},
  publisher={Oxford University Press}
}

@article{wishart2008drugbank,
  title={DrugBank: a knowledgebase for drugs, drug actions and drug targets},
  author={Wishart, David S and Knox, Craig and Guo, An Chi and Cheng, Dean and Shrivastava, Savita and Tzur, Dan and Gautam, Bijaya and Hassanali, Murtaza},
  journal={Nucleic acids research},
  volume={36},
  number={suppl\_1},
  pages={D901--D906},
  year={2008},
  publisher={Oxford University Press}
}

@article{gunther2007supertarget,
  title={SuperTarget and Matador: resources for exploring drug-target relationships},
  author={G{\"u}nther, Stefan and Kuhn, Michael and Dunkel, Mathias and Campillos, Monica and Senger, Christian and Petsalaki, Evangelia and Ahmed, Jessica and Urdiales, Eduardo Garcia and Gewiess, Andreas and Jensen, Lars Juhl and others},
  journal={Nucleic acids research},
  volume={36},
  number={suppl\_1},
  pages={D919--D922},
  year={2007},
  publisher={Oxford University Press}
}

@incollection{ganapathiraju2005computational,
  title={Computational biology and language},
  author={Ganapathiraju, Madhavi and Balakrishnan, Narayanas and Reddy, Raj and Klein-Seetharaman, Judith},
  booktitle={Ambient Intelligence for Scientific Discovery},
  pages={25--47},
  year={2005},
  publisher={Springer}
}

@article{hashkes2014methotrexate,
  title={Methotrexate: new uses for an old drug},
  author={Hashkes, Philip J and Becker, Mara L and Cabral, David A and Laxer, Ronald M and Paller, Amy S and Rabinovich, C Egla and Turner, Dan and Zulian, Francesco},
  journal={The Journal of pediatrics},
  volume={164},
  number={2},
  pages={231--236},
  year={2014},
  publisher={Elsevier}
}

@article{ghofrani2006sildenafil,
  title={Sildenafil: from angina to erectile dysfunction to pulmonary hypertension and beyond},
  author={Ghofrani, Hossein A and Osterloh, Ian H and Grimminger, Friedrich},
  journal={Nature reviews Drug discovery},
  volume={5},
  number={8},
  pages={689--702},
  year={2006},
  publisher={Nature Publishing Group}
}

@article{dyson2005intrinsically,
  title={Intrinsically unstructured proteins and their functions},
  author={Dyson, H Jane and Wright, Peter E},
  journal={Nature reviews Molecular cell biology},
  volume={6},
  number={3},
  pages={197--208},
  year={2005},
  publisher={Nature Publishing Group}
}

@article{sugase2007mechanism,
  title={Mechanism of coupled folding and binding of an intrinsically disordered protein},
  author={Sugase, Kenji and Dyson, H Jane and Wright, Peter E},
  journal={Nature},
  volume={447},
  number={7147},
  pages={1021--1025},
  year={2007},
  publisher={Nature Publishing Group}
}

@article{he2009predicting,
  title={Predicting intrinsic disorder in proteins: an overview},
  author={He, Bo and Wang, Kejun and Liu, Yunlong and Xue, Bin and Uversky, Vladimir N and Dunker, A Keith},
  journal={Cell research},
  volume={19},
  number={8},
  pages={929--949},
  year={2009},
  publisher={Nature Publishing Group}
}

@article{alley2019unified,
  title={Unified rational protein engineering with sequence-based deep representation learning},
  author={Alley, Ethan C and Khimulya, Grigory and Biswas, Surojit and AlQuraishi, Mohammed and Church, George M},
  journal={Nature methods},
  volume={16},
  number={12},
  pages={1315--1322},
  year={2019},
  publisher={Nature Publishing Group}
}

@article{rao2019evaluating,
  title={Evaluating protein transfer learning with TAPE},
  author={Rao, Roshan and Bhattacharya, Nicholas and Thomas, Neil and Duan, Yan and Chen, Xi and Canny, John and Abbeel, Pieter and Song, Yun S},
  journal={Advances in neural information processing systems},
  volume={32},
  pages={9689},
  year={2019},
  publisher={NIH Public Access}
}

@article{buchan2019inferring,
  title={Inferring Protein Domain Semantic Roles Using word2vec},
  author={Buchan, Daniel and Jones, David},
  journal={bioRxiv},
  pages={617647},
  year={2019},
  publisher={Cold Spring Harbor Laboratory}
}

@article{finn2017interpro,
  title={InterPro in 2017—beyond protein family and domain annotations},
  author={Finn, Robert D and Attwood, Teresa K and Babbitt, Patricia C and Bateman, Alex and Bork, Peer and Bridge, Alan J and Chang, Hsin-Yu and Doszt{\'a}nyi, Zsuzsanna and El-Gebali, Sara and Fraser, Matthew and others},
  journal={Nucleic acids research},
  volume={45},
  number={D1},
  pages={D190--D199},
  year={2017},
  publisher={Oxford University Press}
}

@article{joulin2016bag,
  title={Bag of tricks for efficient text classification},
  author={Joulin, Armand and Grave, Edouard and Bojanowski, Piotr and Mikolov, Tomas},
  journal={arXiv preprint arXiv:1607.01759},
  year={2016}
}

@article{le2019identifying,
  title={Identifying SNAREs by incorporating deep learning architecture and amino acid embedding representation},
  author={Le, Nguyen Quoc Khanh and Huynh, Tuan-Tu},
  journal={Frontiers in physiology},
  volume={10},
  pages={1501},
  year={2019},
  publisher={Frontiers}
}

@inproceedings{le2014distributed,
  title={Distributed representations of sentences and documents},
  author={Le, Quoc and Mikolov, Tomas},
  booktitle={International conference on machine learning},
  pages={1188--1196},
  year={2014},
  organization={PMLR}
}

@article{yang2018learned,
  title={Learned protein embeddings for machine learning},
  author={Yang, Kevin K and Wu, Zachary and Bedbrook, Claire N and Arnold, Frances H},
  journal={Bioinformatics},
  volume={34},
  number={15},
  pages={2642--2648},
  year={2018},
  publisher={Oxford University Press}
}

@article{finn2010pfam,
  title={The Pfam protein families database},
  author={Finn, Robert D and Mistry, Jaina and Tate, John and Coggill, Penny and Heger, Andreas and Pollington, Joanne E and Gavin, O Luke and Gunasekaran, Prasad and Ceric, Goran and Forslund, Kristoffer and others},
  journal={Nucleic acids research},
  volume={38},
  number={suppl\_1},
  pages={D211--D222},
  year={2010},
  publisher={Oxford University Press}
}

@article{fu2019wedeept3,
  title={WEDeepT3: predicting type III secreted effectors based on word embedding and deep learning},
  author={Fu, Xiaofeng and Yang, Yang},
  journal={Quantitative Biology},
  volume={7},
  number={4},
  pages={293--301},
  year={2019},
  publisher={Springer}
}

@article{li2006cd,
  title={Cd-hit: a fast program for clustering and comparing large sets of protein or nucleotide sequences},
  author={Li, Weizhong and Godzik, Adam},
  journal={Bioinformatics},
  volume={22},
  number={13},
  pages={1658--1659},
  year={2006},
  publisher={Oxford University Press}
}

@article{2010YLoc,
  title={YLoc—an interpretable web server for predicting subcellular localization},
  author={ Briesemeister, S.  and J Rahnenführer and  Kohlbacher, O. },
  journal={Nucleic Acids Research},
  volume={38},
  number={Web Server issue},
  pages={W497-502},
  year={2010},
}
@article{pierleoni2006bacello,
  title={BaCelLo: a balanced subcellular localization predictor},
  author={Pierleoni, Andrea and Martelli, Pier Luigi and Fariselli, Piero and Casadio, Rita},
  journal={Bioinformatics},
  volume={22},
  number={14},
  pages={e408--e416},
  year={2006},
  publisher={Oxford University Press}
}

@article{armenteros2019signalp,
  title={SignalP 5.0 improves signal peptide predictions using deep neural networks},
  author={Armenteros, Jos{\'e} Juan Almagro and Tsirigos, Konstantinos D and S{\o}nderby, Casper Kaae and Petersen, Thomas Nordahl and Winther, Ole and Brunak, S{\o}ren and von Heijne, Gunnar and Nielsen, Henrik},
  journal={Nature biotechnology},
  volume={37},
  number={4},
  pages={420--423},
  year={2019},
  publisher={Nature Publishing Group}
}

@article{asgari2015continuous,
  title={Continuous distributed representation of biological sequences for deep proteomics and genomics},
  author={Asgari, Ehsaneddin and Mofrad, Mohammad RK},
  journal={PloS one},
  volume={10},
  number={11},
  pages={e0141287},
  year={2015},
  publisher={Public Library of Science San Francisco, CA USA}
}

@article{ofer2021language,
  title={The language of proteins: NLP, machine learning \& protein sequences},
  author={Ofer, Dan and Brandes, Nadav and Linial, Michal},
  journal={Computational and Structural Biotechnology Journal},
  year={2021},
  publisher={Elsevier}
}

@article{yang2018learned,
  title={Learned protein embeddings for machine learning},
  author={Yang, Kevin K and Wu, Zachary and Bedbrook, Claire N and Arnold, Frances H},
  journal={Bioinformatics},
  volume={34},
  number={15},
  pages={2642--2648},
  year={2018},
  publisher={Oxford University Press}
}

@article{liu2019bioseq,
  title={BioSeq-Analysis: a platform for DNA, RNA and protein sequence analysis based on machine learning approaches},
  author={Liu, Bin},
  journal={Briefings in bioinformatics},
  volume={20},
  number={4},
  pages={1280--1294},
  year={2019},
  publisher={Oxford University Press}
}

@article{han2015deep,
  title={Deep compression: Compressing deep neural networks with pruning, trained quantization and huffman coding},
  author={Han, Song and Mao, Huizi and Dally, William J},
  journal={arXiv preprint arXiv:1510.00149},
  year={2015}
}

@article{wang2011high,
  title={High-accuracy prediction of bacterial type III secreted effectors based on position-specific amino acid composition profiles},
  author={Wang, Yejun and Zhang, Qing and Sun, Ming-an and Guo, Dianjing},
  journal={Bioinformatics},
  volume={27},
  number={6},
  pages={777--784},
  year={2011},
  publisher={Oxford University Press}
}

@article{arnold2009sequence,
  title={Sequence-based prediction of type III secreted proteins},
  author={Arnold, Roland and Brandmaier, Stefan and Kleine, Frederick and Tischler, Patrick and Heinz, Eva and Behrens, Sebastian and Niinikoski, Antti and Mewes, Hans-Werner and Horn, Matthias and Rattei, Thomas},
  journal={PLoS pathogens},
  volume={5},
  number={4},
  pages={e1000376},
  year={2009},
  publisher={Public Library of Science San Francisco, USA}
}

@article{wang2013t3_mm,
  title={T3\_MM: a Markov model effectively classifies bacterial type III secretion signals},
  author={Wang, Yejun and Sun, Ming'an and Bao, Hongxia and White, Aaron P},
  journal={PloS one},
  volume={8},
  number={3},
  pages={e58173},
  year={2013},
  publisher={Public Library of Science San Francisco, USA}
}

@article{xue2019deept3,
  title={DeepT3: deep convolutional neural networks accurately identify Gram-negative bacterial type III secreted effectors using the N-terminal sequence},
  author={Xue, Li and Tang, Bin and Chen, Wei and Luo, Jiesi},
  journal={Bioinformatics},
  volume={35},
  number={12},
  pages={2051--2057},
  year={2019},
  publisher={Oxford University Press}
}

@article{wang2019bastion3,
  title={Bastion3: a two-layer ensemble predictor of type III secreted effectors},
  author={Wang, Jiawei and Li, Jiahui and Yang, Bingjiao and Xie, Ruopeng and Marquez-Lago, Tatiana T and Leier, Andr{\'e} and Hayashida, Morihiro and Akutsu, Tatsuya and Zhang, Yanju and Chou, Kuo-Chen and others},
  journal={Bioinformatics},
  volume={35},
  number={12},
  pages={2017--2028},
  year={2019},
  publisher={Oxford University Press}
}

@article{n2017design,
  title={Design of experiments (DoE) in pharmaceutical development},
  author={N. Politis, Stavros and Colombo, Paolo and Colombo, Gaia and M. Rekkas, Dimitrios},
  journal={Drug development and industrial pharmacy},
  volume={43},
  number={6},
  pages={889--901},
  year={2017},
  publisher={Taylor \& Francis}
}

@article{kapetanovic2008computer,
  title={Computer-aided drug discovery and development (CADDD): in silico-chemico-biological approach},
  author={Kapetanovic, IM},
  journal={Chemico-biological interactions},
  volume={171},
  number={2},
  pages={165--176},
  year={2008},
  publisher={Elsevier}
}

@incollection{heifetz2018computational,
  title={Computational methods used in hit-to-lead and lead optimization stages of structure-based drug discovery},
  author={Heifetz, Alexander and Southey, Michelle and Morao, Inaki and Townsend-Nicholson, Andrea and Bodkin, Mike J},
  booktitle={Computational Methods for GPCR Drug Discovery},
  pages={375--394},
  year={2018},
  publisher={Springer}
}

@article{ragoza2017protein,
  title={Protein--ligand scoring with convolutional neural networks},
  author={Ragoza, Matthew and Hochuli, Joshua and Idrobo, Elisa and Sunseri, Jocelyn and Koes, David Ryan},
  journal={Journal of chemical information and modeling},
  volume={57},
  number={4},
  pages={942--957},
  year={2017},
  publisher={ACS Publications}
}

@article{gowthaman2016darc,
  title={DARC: mapping surface topography by ray-casting for effective virtual screening at protein interaction sites},
  author={Gowthaman, Ragul and Miller, Sven A and Rogers, Steven and Khowsathit, Jittasak and Lan, Lan and Bai, Nan and Johnson, David K and Liu, Chunjing and Xu, Liang and Anbanandam, Asokan and others},
  journal={Journal of medicinal chemistry},
  volume={59},
  number={9},
  pages={4152--4170},
  year={2016},
  publisher={ACS Publications}
}

@article{verdonk2003improved,
  title={Improved protein--ligand docking using GOLD},
  author={Verdonk, Marcel L and Cole, Jason C and Hartshorn, Michael J and Murray, Christopher W and Taylor, Richard D},
  journal={Proteins: Structure, Function, and Bioinformatics},
  volume={52},
  number={4},
  pages={609--623},
  year={2003},
  publisher={Wiley Online Library}
}

@article{paul2016mols,
  title={MOLS 2.0: software package for peptide modeling and protein--ligand docking},
  author={Paul, D Sam and Gautham, N},
  journal={Journal of molecular modeling},
  volume={22},
  number={10},
  pages={1--9},
  year={2016},
  publisher={Springer}
}

@article{ballesteros2001g,
  title={G protein-coupled receptor drug discovery: implications from the crystal structure of rhodopsin},
  author={Ballesteros, Juan and Palczewski, Krzysztof},
  journal={Current opinion in drug discovery \& development},
  volume={4},
  number={5},
  pages={561},
  year={2001},
  publisher={NIH Public Access}
}

@article{yamanishi2008prediction,
  title={Prediction of drug--target interaction networks from the integration of chemical and genomic spaces},
  author={Yamanishi, Yoshihiro and Araki, Michihiro and Gutteridge, Alex and Honda, Wataru and Kanehisa, Minoru},
  journal={Bioinformatics},
  volume={24},
  number={13},
  pages={i232--i240},
  year={2008},
  publisher={Oxford University Press}
}

@article{bleakley2009supervised,
  title={Supervised prediction of drug--target interactions using bipartite local models},
  author={Bleakley, Kevin and Yamanishi, Yoshihiro},
  journal={Bioinformatics},
  volume={25},
  number={18},
  pages={2397--2403},
  year={2009},
  publisher={Oxford University Press}
}

@article{pahikkala2015toward,
  title={Toward more realistic drug--target interaction predictions},
  author={Pahikkala, Tapio and Airola, Antti and Pietil{\"a}, Sami and Shakyawar, Sushil and Szwajda, Agnieszka and Tang, Jing and Aittokallio, Tero},
  journal={Briefings in bioinformatics},
  volume={16},
  number={2},
  pages={325--337},
  year={2015},
  publisher={Oxford University Press}
}

@article{he2017simboost,
  title={SimBoost: a read-across approach for predicting drug--target binding affinities using gradient boosting machines},
  author={He, Tong and Heidemeyer, Marten and Ban, Fuqiang and Cherkasov, Artem and Ester, Martin},
  journal={Journal of cheminformatics},
  volume={9},
  number={1},
  pages={1--14},
  year={2017},
  publisher={BioMed Central}
}

@article{cobanoglu2013predicting,
  title={Predicting drug--target interactions using probabilistic matrix factorization},
  author={Cobanoglu, Murat Can and Liu, Chang and Hu, Feizhuo and Oltvai, Zolt{\'a}n N and Bahar, Ivet},
  journal={Journal of chemical information and modeling},
  volume={53},
  number={12},
  pages={3399--3409},
  year={2013},
  publisher={ACS Publications}
}

@article{ezzat2016drug,
  title={Drug-target interaction prediction with graph regularized matrix factorization},
  author={Ezzat, Ali and Zhao, Peilin and Wu, Min and Li, Xiao-Li and Kwoh, Chee-Keong},
  journal={IEEE/ACM transactions on computational biology and bioinformatics},
  volume={14},
  number={3},
  pages={646--656},
  year={2016},
  publisher={IEEE}
}

@inproceedings{zheng2013collaborative,
  title={Collaborative matrix factorization with multiple similarities for predicting drug-target interactions},
  author={Zheng, Xiaodong and Ding, Hao and Mamitsuka, Hiroshi and Zhu, Shanfeng},
  booktitle={Proceedings of the 19th ACM SIGKDD international conference on Knowledge discovery and data mining},
  pages={1025--1033},
  year={2013}
}

@article{luo2017network,
  title={A network integration approach for drug-target interaction prediction and computational drug repositioning from heterogeneous information},
  author={Luo, Yunan and Zhao, Xinbin and Zhou, Jingtian and Yang, Jinglin and Zhang, Yanqing and Kuang, Wenhua and Peng, Jian and Chen, Ligong and Zeng, Jianyang},
  journal={Nature communications},
  volume={8},
  number={1},
  pages={1--13},
  year={2017},
  publisher={Nature Publishing Group}
}

@article{cheng2012prediction,
  title={Prediction of chemical--protein interactions: multitarget-QSAR versus computational chemogenomic methods},
  author={Cheng, Feixiong and Zhou, Yadi and Li, Jie and Li, Weihua and Liu, Guixia and Tang, Yun},
  journal={Molecular BioSystems},
  volume={8},
  number={9},
  pages={2373--2384},
  year={2012},
  publisher={Royal Society of Chemistry}
}

@article{wang2011computational,
  title={Computational screening for active compounds targeting protein sequences: methodology and experimental validation},
  author={Wang, Fei and Liu, Dongxiang and Wang, Heyao and Luo, Cheng and Zheng, Mingyue and Liu, Hong and Zhu, Weiliang and Luo, Xiaomin and Zhang, Jian and Jiang, Hualiang},
  journal={Journal of chemical information and modeling},
  volume={51},
  number={11},
  pages={2821--2828},
  year={2011},
  publisher={ACS Publications}
}

@article{he2010predicting,
  title={Predicting drug-target interaction networks based on functional groups and biological features},
  author={He, Zhisong and Zhang, Jian and Shi, Xiao-He and Hu, Le-Le and Kong, Xiangyin and Cai, Yu-Dong and Chou, Kuo-Chen},
  journal={PloS one},
  volume={5},
  number={3},
  pages={e9603},
  year={2010},
  publisher={Public Library of Science San Francisco, USA}
}

@article{ozturk2018deepdta,
  title={DeepDTA: deep drug--target binding affinity prediction},
  author={{\"O}zt{\"u}rk, Hakime and {\"O}zg{\"u}r, Arzucan and Ozkirimli, Elif},
  journal={Bioinformatics},
  volume={34},
  number={17},
  pages={i821--i829},
  year={2018},
  publisher={Oxford University Press}
}

@article{lee2019deepconv,
  title={DeepConv-DTI: Prediction of drug-target interactions via deep learning with convolution on protein sequences},
  author={Lee, Ingoo and Keum, Jongsoo and Nam, Hojung},
  journal={PLoS computational biology},
  volume={15},
  number={6},
  pages={e1007129},
  year={2019},
  publisher={Public Library of Science San Francisco, CA USA}
}

@article{nguyen2019graphdta,
  title={GraphDTA: prediction of drug--target binding affinity using graph convolutional networks},
  author={Nguyen, Thin and Le, Hang and Venkatesh, Svetha},
  journal={BioRxiv},
  pages={684662},
  year={2019},
  publisher={Cold Spring Harbor Laboratory}
}

@article{davis2011comprehensive,
  title={Comprehensive analysis of kinase inhibitor selectivity},
  author={Davis, Mindy I and Hunt, Jeremy P and Herrgard, Sanna and Ciceri, Pietro and Wodicka, Lisa M and Pallares, Gabriel and Hocker, Michael and Treiber, Daniel K and Zarrinkar, Patrick P},
  journal={Nature biotechnology},
  volume={29},
  number={11},
  pages={1046--1051},
  year={2011},
  publisher={Nature Publishing Group}
}

@article{tang2014making,
  title={Making sense of large-scale kinase inhibitor bioactivity data sets: a comparative and integrative analysis},
  author={Tang, Jing and Szwajda, Agnieszka and Shakyawar, Sushil and Xu, Tao and Hintsanen, Petteri and Wennerberg, Krister and Aittokallio, Tero},
  journal={Journal of Chemical Information and Modeling},
  volume={54},
  number={3},
  pages={735--743},
  year={2014},
  publisher={ACS Publications}
}

@article{ozturk2019widedta,
  title={WideDTA: prediction of drug-target binding affinity},
  author={{\"O}zt{\"u}rk, Hakime and Ozkirimli, Elif and {\"O}zg{\"u}r, Arzucan},
  journal={arXiv preprint arXiv:1902.04166},
  year={2019}
}

@article{feng2018padme,
  title={Padme: A deep learning-based framework for drug-target interaction prediction},
  author={Feng, Qingyuan and Dueva, Evgenia and Cherkasov, Artem and Ester, Martin},
  journal={arXiv preprint arXiv:1807.09741},
  year={2018}
}

@inproceedings{shin2019self,
  title={Self-attention based molecule representation for predicting drug-target interaction},
  author={Shin, Bonggun and Park, Sungsoo and Kang, Keunsoo and Ho, Joyce C},
  booktitle={Machine Learning for Healthcare Conference},
  pages={230--248},
  year={2019},
  organization={PMLR}
}

@article{steinegger2017mmseqs2,
  title={MMseqs2 enables sensitive protein sequence searching for the analysis of massive data sets},
  author={Steinegger, Martin and S{\"o}ding, Johannes},
  journal={Nature biotechnology},
  volume={35},
  number={11},
  pages={1026--1028},
  year={2017},
  publisher={Nature Publishing Group}
}

@article{weininger1988smiles,
  title={SMILES, a chemical language and information system. 1. Introduction to methodology and encoding rules},
  author={Weininger, David},
  journal={Journal of chemical information and computer sciences},
  volume={28},
  number={1},
  pages={31--36},
  year={1988},
  publisher={ACS Publications}
}

@mastersthesis{chen2015convolutional,
  title={Convolutional neural network for sentence classification},
  author={Chen, Yahui},
  year={2015},
  school={University of Waterloo}
}

@article{kipf2016semi,
  title={Semi-supervised classification with graph convolutional networks},
  author={Kipf, Thomas N and Welling, Max},
  journal={arXiv preprint arXiv:1609.02907},
  year={2016}
}

@article{kamel2016synthetic,
  title={Synthetic approaches and potential bioactivity of different functionalized quinazoline and quinazolinone scaffolds},
  author={Kamel, Mohsen M and Zaghary, Wafaa A and Al-Wabli, Reem I and Anwar, Manal M and others},
  journal={Egyptian Pharmaceutical Journal},
  volume={15},
  number={3},
  pages={98},
  year={2016},
  publisher={Medknow Publications}
}

@book{Yu2001,
  author    = {余敏},
  title     = {出版集团研究},
  publisher = {中国书籍出版社},
  address   = {北京},
  year      = {2001},
  pages     = {179--193}
}

@inbook{Cheng1999,
  author    = {程根伟},
  title     = {1998年长江洪水的成因与减灾对策},
  booktitle = {长江流域洪涝灾害与科技对策},
  editor    = {许厚泽 and 赵其国},
  publisher = {科学出版社},
  address   = {北京},
  year      = {1999},
  pages     = {32--36}
}

@periodical{LSC1957,
  author    = {中国图书馆学会},
  title     = {图书馆学通讯},
  publisher = {北京图书馆},
  address   = {北京},
  year      = {1957/1990},
  number    = {1-4}
}

@article{Li1999,
  author  = {李晓东 and 张庆红 and 叶瑾琳},
  title   = {气候学研究的若干理论问题},
  journal = {北京大学学报: 自然科学版},
  year    = {1999},
  volume  = {35},
  number  = {1},
  pages   = {101--106}
}

@patent{Jiang1989,
  author = {姜锡洲},
  title  = {一种温热外敷药制备方案},
  number = {中国, 88105607.3},
  date   = {1989-07-26}
}

@online{Hopkinson1999,
  author  = {Hopkinson, A},
  title   = {{UNIMARC} and metadata: Dublin core},
  url     = {http://www.ifla.org/IV/ifla64/138-161e.htm},
  urldate = {1999-12-08}
}

@book{Jiang1998,
  author    = {蒋有绪 and 郭泉水 and 马娟 and others},
  title     = {中国森林群落分类及其群落学特征},
  publisher = {科学出版社},
  address   = {北京},
  year      = {1998},
  pages     = {11--12}
}

@proceedings{CSTAM1990,
  editor    = {中国力学学会},
  title     = {第 3 届全国实验流体力学学术会议论文集},
  publisher = {天津大学出版社},
  address   = {天津},
  year      = {1990},
  pages     = {20--24}
}

@report{WHO1970,
  author      = {{World Health Organization}},
  title       = {Factors regulating the immune response: report of {WHO} Scientific Group},
  institution = {WHO},
  location    = {Geneva},
  year        = {1970}
}

@phdthesis{Zhang1998,
  author      = {张志祥},
  title       = {间断动力系统的随机扰动及其在守恒律方程中的应用},
  institution = {北京大学数学学院},
  address     = {北京},
  year        = {1998},
  pages       = {50--55}
}

@patent{HBLZ2001,
  author  = {河北绿洲生态环境科技有限公司},
  title   = {一种荒漠化地区生态植被综合培育种植方法},
  date    = {2001-10-24},
  number  = {中国, 01129210.5},
  url     = {http://211.152.9.47/sipoasp/zlijs/hyjs-yx-new.asp?recid=01129210.5&leixin},
  urldate = {2002-05-28}
}

@standard{GBT2659,
  author     = {国家标准局信息分类编码研究所},
  title      = {GB/T 2659-1986 世界各国和地区名称代码},
  bookauthor = {全国文献工作标准化技术委员会},
  booktitle  = {文献工作国家标准汇编: 3},
  publisher  = {中国标准出版社},
  address    = {北京},
  year       = {1988},
  pages      = {59--92}
}

@article{Li2000,
  author  = {李炳穆},
  title   = {理想的图书管理员和信息专家的素养与形象},
  journal = {图书情报工作},
  year    = {2000},
  number  = {2},
  pages   = {5--8}
}

@article{Ding2000,
  author  = {丁文祥},
  title   = {数字革命与竞争国际化},
  journal = {中国青年报},
  date    = {2000-11-20},
  number  = {15},
  note    = {news}
}

@article{Jiang1999,
  author  = {江向东},
  title   = {互联网环境下的信息处理与图书管理系统解决方案},
  journal = {情报学报},
  year    = {1999},
  volume  = {18},
  number  = {2},
  pages   = {4},
  url     = {http://www.chinainfo.gov.cn/periodical/qbxb/qbxb99/qbxb990203},
  urldate = {2000-01-18}
}


@article{Christine1998,
  author  = {Mlot Christine},
  title   = {Plant physiology: plant biology in the Genome Era},
  journal = {Science},
  year    = {1998},
  volume  = {281},
  pages   = {331--332},
  url     = {http://www.sciencemag.org/cgi/collection/anatmorp},
  urldate = {1998-09-23}
}

@online{Xiao2001,
  author  = {萧钰},
  title   = {出版业信息化迈人快车道},
  date    = {2001-12-19},
  url     = {http://www.creader.com/news/20011219/200112190019.html},
  urldate = {2002-04-15}
}

@article{Yang1999,
  author  = {杨瑞林 and 李力军 and 李玉成},
  title   = {新型低合金高强韧性耐磨钢的研究},
  journal = {钢铁},
  year    = {1999},
  volume  = {34},
  number  = {7},
  pages   = {41--45}
}

@article{Schinstock2000,
  author  = {Schinstock, D.E. and Cuttino, J.F.},
  title   = {Real time kinematic solutions of a non-contacting, three dimensional metrology frame},
  journal = {Precision Engineering},
  year    = {2000},
  volume  = {24},
  number  = {1},
  pages   = {70--76}
}

@book{Wen1990,
  author    = {温诗铸},
  title     = {摩擦学原理},
  publisher = {清华大学出版社},
  address   = {北京},
  year      = {1990},
  pages     = {296--300}
}

@standard{GBT16159,
  author    = {国家技术监督局},
  title     = {GB/T 16159-1996 汉语拼音正词法基本规则},
  publisher = {中国标准出版社},
  address   = {北京},
  year      = {1996}
}

@article{He1999,
  author  = {何闻},
  title   = {标准动态力发生装置国内外研究现状},
  journal = {机电工程},
  year    = {1999},
  number  = {2},
  pages   = {47--49}
}